
@article{armeev_abstract_2019,
  ids = {test2},
  title = {Abstract {{OR}}-19: {{Integrative Approach}} on {{Nucleosome Complexes Modeling}}},
  author = {Armeev, G. A. and Panchenko, A. R. and Shaytan, A. K.},
  date = {2019},
  journaltitle = {International Journal of Biomedicine},
  volume = {9},
  pages = {13--14},
  addendum = {IF WoS 2.231 (0,1/0,03)},
  keywords = {abstract,novak},
  number = {s1}
}

@article{armeev_modelirovanie_2013,
  title = {Моделирование Нуклеосом Методами Атомистического Суперкомпьютерного Моделирования},
  author = {Армеев, Г. А. and Блинов, В. Н. and Севенюк, А. А. and Студитский, В. М. and Шайтан, А. К.},
  date = {2013},
  journaltitle = {Journal of Qafqaz University - Physics},
  volume = {1},
  pages = {3--11},
  addendum = {(1,0/0,5)},
  file = {/Users/alexeyshaytan/Zotero/storage/X3SDBUVD/Армеев et al. 2013 - МОДЕЛИРОВАНИЕ НУКЛЕОСОМ МЕТОДАМИ АТОМИСТИЧЕСКОГО СУПЕРКОМПЬЮТЕРНОГО МОДЕЛИРОВАНИЯ.pdf},
  keywords = {article,novak},
  number = {2}
}

@article{bass_abstract_2019,
  title = {Abstract {{P}}-20: {{Linker Histone H1}}: {{The Interplay}} between {{Chromatosome Stability}}, {{Oncomutations}} and {{Post}}-{{Translational Modifications}}},
  author = {Bass, M. V. and Armeev, G. A. and Shaytan, A. K.},
  date = {2019},
  journaltitle = {International Journal of Biomedicine},
  volume = {9},
  pages = {25},
  addendum = {IF WoS 2.231 (0,1/0,03)},
  keywords = {abstract,novak},
  number = {S1}
}

@article{greshnova_sinteticheskaya_2019,
  title = {Синтетическая Биология: Конструирование Живого},
  author = {Грешнова, А. А. and Глухов, Г. С. and Шайтан, А. К.},
  date = {2019},
  journaltitle = {Химия и Жизнь  - XXI век},
  pages = {32--38},
  addendum = {(1,0/0,5)},
  file = {/Users/alexeyshaytan/Zotero/storage/8D3XVJ5Q/HiZ_9_2019_synbio.pdf},
  keywords = {abstract,novak},
  number = {9}
}

@article{shaytan_dinamicheskiy_2006,
  title = {Динамический Молекулярный Дизайн Био- и Нано Структур},
  author = {Шайтан, К. В. and Турлей, Е. В. and Голик, Д. Н. and Терешкина, К. Б. and Левцова, О.В. and Федик, И. В. and Шайтан, А. К. and Ли, А. and Кирпичников, М. П.},
  date = {2006},
  journaltitle = {Российский химический журнал},
  volume = {1},
  pages = {53--65},
  file = {/Users/alexeyshaytan/Zotero/storage/338FNR8C/Шайтан К.В., Турлей Е.В., Голик Д.Н.,... - Динамический молекулярный дизайн био- и наноструктур.pdf},
  keywords = {article,novak},
  number = {2}
}

@inproceedings{shaytan_peptide_2006,
  title = {Peptide Dynamics at Water-Membrane Interface},
  booktitle = {Proceedings of the {{Fifth International Conference}}  on {{Bioinformatics}} of {{Genome Regulation}} and {{Structure}}},
  author = {Shaytan, A K and Khokhlov, Alexei R. and Ivanov, Victor A.},
  date = {2006},
  volume = {1},
  pages = {320},
  url = {http://www.bionet.nsc.ru/meeting/bgrs_proceedings/papers/2006/BGRS_2006_V1_073.pdf},
  urldate = {2019-04-17},
  file = {/Users/alexeyshaytan/Zotero/storage/WGAAYPA9/BGRS_2006_V1_073.pdf},
  keywords = {abstract,novak}
}

@incollection{shaytan_supercomputernoe_2009,
  title = {Суперкомпьютерное конструирование биоорганических нанопроводов},
  booktitle = {Суперкомпьютерные технологии в науке, образовании и промышленности},
  author = {Шайтан, А. К. and Халатур, П. Г. and Хохлов, А. Р.},
  editor = {Садовничий, В. А. and Савин, В. В. and Воеводин, В. В.},
  date = {2009},
  pages = {51--56},
  publisher = {{Издательство Московского Университета}},
  file = {/Users/alexeyshaytan/Zotero/storage/XPD4BWZA/Шайтан et al. 2009 - Суперкомпьютерное конструирование биоорганических нанопроводов.pdf},
  keywords = {article,novak},
  langid = {russian}
}

@thesis{shaytan_thesis_kfmn_2010,
  title = {Компьютерное Моделирование и Статистический Анализ Самоорганизующихся Молекулярных Систем На Основе Пептидов},
  author = {{Шайтан, А.К.}},
  date = {2010},
  institution = {{МГУ имени М.В. Ломоносова}},
  keywords = {thesis},
  type = {диссертация на соискание степени кандидата физико-математических наук}
}

@thesis{shaytan_thesis_ulm_2012,
  title = {Computer Simulations of Self-Assembling Nanofibers from Thiophene-Peptide Oligomers},
  author = {Shaytan, A. K.},
  date = {2012},
  institution = {{Universität Ulm}},
  doi = {http://dx.doi.org/10.18725/OPARU-1936},
  url = {https://oparu.uni-ulm.de/xmlui/handle/123456789/1963},
  urldate = {2019-04-17},
  file = {/Users/alexeyshaytan/Zotero/storage/QBPNH6Q8/Shaytan - 2012 - Computer simulations of self-assembling nanofibers.pdf;/Users/alexeyshaytan/Zotero/storage/YQFGAUES/Shaytan - 2012 - Computer simulations of self-assembling nanofibers.pdf;/Users/alexeyshaytan/Zotero/storage/3KK4GPC2/1963.html;/Users/alexeyshaytan/Zotero/storage/F3E2SNJY/1963.html},
  keywords = {thesis},
  langid = {english},
  type = {Dissertation}
}

@article{shaytan_water_2014,
  title = {Water Mediated Interactions in Nucleosomes},
  author = {Shaytan, A. K. and Panchenko, A. R.},
  date = {2014-08-10},
  journaltitle = {Abstracts of Papers of the American Chemical Society},
  shortjournal = {Abstr. Pap. Am. Chem. Soc.},
  volume = {248},
  issn = {0065-7727},
  addendum = {IF WoS 2.231 (0,1/0,05)},
  annotation = {WOS:000349165104411},
  file = {/Users/alexeyshaytan/Zotero/storage/X3H4D39Y/Result Content View.pdf},
  keywords = {abstract,novak},
  langid = {english}
}


