@Patent{patbib1,
  heading =      {Заявка 2580006 Рос. федерация, МПК G 06 F 19/100},
  author =       {Студитский, В. М. and Студитская, О. И. and Шайтан, А. К.},
  authortype =   {Российская Федерация},
  title =        {Способ скрининга потенциальных противоопухолевых препаратов ингибиторов FACT},
  media =        {text},
 % holder =       {Московский государственный университет имени М.В. Ломоносова},
  reqnumber =    {2013132806/10},
  date =         {2013-07-16},
  publdate =     {2015-01-27},
  publication =  {Бюл. № 3\midsentence},
  prdate =       {2013-07-16},
  prcountry =    {countryru},
  pagetotal =    {10 с.},
  language =     {russian},
  authorpatent = {yes},
}

@Patent{progbib1,
  heading =      {Свидетельство о гос. регистрации программы для {ЭВМ}},
  author =       {Шуров, Д. Л. and Шайтан, А. К. and Армеев, Г. А. and Турченков, Д. А. and Блинов, В. Н. and Кирпичников, М. П. and Шайтан, К. В.},
  title =        {Программный комплекс реконструкции пространственной структуры белков и комплексов на основе карт электронной плотности низкого разрешения},
  media =        {text},
  %holder =       {Московский государственный университет имени М.В. Ломоносова},
  reqnumber =    2013614397,
  publdate =     {2013-07-17},
  date =         {2013-05-13},
  prnumber =     2013614397,
  prcountry =    {countryru},
  language =     {russian},
  authorprogram ={yes},
}
